@article{DBLP:journals/corr/abs-1911-13214,
  author       = {Olivier Beaumont and
                  Lionel Eyraud{-}Dubois and
                  Julien Herrmann and
                  Alexis Joly and
                  Alena Shilova},
  title        = {Optimal checkpointing for heterogeneous chains: how to train deep
                  neural networks with limited memory},
  journal      = {CoRR},
  volume       = {abs/1911.13214},
  year         = {2019},
  url          = {http://arxiv.org/abs/1911.13214},
  eprinttype    = {arXiv},
  eprint       = {1911.13214},
  timestamp    = {Mon, 13 Jan 2020 13:57:48 +0100},
  biburl       = {https://dblp.org/rec/journals/corr/abs-1911-13214.bib},
  bibsource    = {dblp computer science bibliography, https://dblp.org}
}

# non iid
@article{DBLP:journals/corr/abs-2106-06843,
  author       = {Hangyu Zhu and
                  Jinjin Xu and
                  Shiqing Liu and
                  Yaochu Jin},
  title        = {Federated Learning on Non-IID Data: {A} Survey},
  journal      = {CoRR},
  volume       = {abs/2106.06843},
  year         = {2021},
  url          = {https://arxiv.org/abs/2106.06843},
  eprinttype    = {arXiv},
  eprint       = {2106.06843},
  timestamp    = {Tue, 15 Jun 2021 16:35:15 +0200},
  biburl       = {https://dblp.org/rec/journals/corr/abs-2106-06843.bib},
  bibsource    = {dblp computer science bibliography, https://dblp.org}
}

# offload
@article{DBLP:journals/corr/abs-2101-06840,
  author       = {Jie Ren and
                  Samyam Rajbhandari and
                  Reza Yazdani Aminabadi and
                  Olatunji Ruwase and
                  Shuangyan Yang and
                  Minjia Zhang and
                  Dong Li and
                  Yuxiong He},
  title        = {ZeRO-Offload: Democratizing Billion-Scale Model Training},
  journal      = {CoRR},
  volume       = {abs/2101.06840},
  year         = {2021},
  url          = {https://arxiv.org/abs/2101.06840},
  eprinttype    = {arXiv},
  eprint       = {2101.06840},
  timestamp    = {Mon, 03 May 2021 16:42:27 +0200},
  biburl       = {https://dblp.org/rec/journals/corr/abs-2101-06840.bib},
  bibsource    = {dblp computer science bibliography, https://dblp.org}
}

@INPROCEEDINGS{8820980,
  author={S.B., Shriram and Garg, Anshuj and Kulkarni, Purushottam},
  booktitle={2019 IEEE International Parallel and Distributed Processing Symposium (IPDPS)}, 
  title={Dynamic Memory Management for GPU-Based Training of Deep Neural Networks}, 
  year={2019},
  volume={},
  number={},
  pages={200-209},
  keywords={Graphics processing units;Memory management;Neural networks;Training;Backpropagation;Heuristic algorithms;Convolution;Deep Learning;Deep Neural Networks;GPU;Memory Management},
  doi={10.1109/IPDPS.2019.00030}}

@article{DBLP:journals/corr/abs-2104-07857,
  author       = {Samyam Rajbhandari and
                  Olatunji Ruwase and
                  Jeff Rasley and
                  Shaden Smith and
                  Yuxiong He},
  title        = {ZeRO-Infinity: Breaking the {GPU} Memory Wall for Extreme Scale Deep
                  Learning},
  journal      = {CoRR},
  volume       = {abs/2104.07857},
  year         = {2021},
  url          = {https://arxiv.org/abs/2104.07857},
  eprinttype    = {arXiv},
  eprint       = {2104.07857},
  timestamp    = {Mon, 19 Apr 2021 16:45:47 +0200},
  biburl       = {https://dblp.org/rec/journals/corr/abs-2104-07857.bib},
  bibsource    = {dblp computer science bibliography, https://dblp.org}
}

# pipeline
@article{DBLP:journals/corr/abs-2104-04473,
  author       = {Deepak Narayanan and
                  Mohammad Shoeybi and
                  Jared Casper and
                  Patrick LeGresley and
                  Mostofa Patwary and
                  Vijay Korthikanti and
                  Dmitri Vainbrand and
                  Prethvi Kashinkunti and
                  Julie Bernauer and
                  Bryan Catanzaro and
                  Amar Phanishayee and
                  Matei Zaharia},
  title        = {Efficient Large-Scale Language Model Training on {GPU} Clusters},
  journal      = {CoRR},
  volume       = {abs/2104.04473},
  year         = {2021},
  url          = {https://arxiv.org/abs/2104.04473},
  eprinttype    = {arXiv},
  eprint       = {2104.04473},
  timestamp    = {Tue, 13 Apr 2021 16:46:17 +0200},
  biburl       = {https://dblp.org/rec/journals/corr/abs-2104-04473.bib},
  bibsource    = {dblp computer science bibliography, https://dblp.org}
}



@article{DBLP:journals/corr/abs-2006-09503,
  author       = {Deepak Narayanan and
                  Amar Phanishayee and
                  Kaiyu Shi and
                  Xie Chen and
                  Matei Zaharia},
  title        = {Memory-Efficient Pipeline-Parallel {DNN} Training},
  journal      = {CoRR},
  volume       = {abs/2006.09503},
  year         = {2020},
  url          = {https://arxiv.org/abs/2006.09503},
  eprinttype    = {arXiv},
  eprint       = {2006.09503},
  timestamp    = {Tue, 24 Jan 2023 18:20:47 +0100},
  biburl       = {https://dblp.org/rec/journals/corr/abs-2006-09503.bib},
  bibsource    = {dblp computer science bibliography, https://dblp.org}
}

# Fed
# split fed
% split fed
@misc{thapa2022splitfed,
      title={SplitFed: When Federated Learning Meets Split Learning}, 
      author={Chandra Thapa and M. A. P. Chamikara and Seyit Camtepe and Lichao Sun},
      year={2022},
      eprint={2004.12088},
      archivePrefix={arXiv},
      primaryClass={cs.LG}
}

# mean teacher
@article{DBLP:journals/corr/TarvainenV17,
  author       = {Antti Tarvainen and
                  Harri Valpola},
  title        = {Weight-averaged consistency targets improve semi-supervised deep learning
                  results},
  journal      = {CoRR},
  volume       = {abs/1703.01780},
  year         = {2017},
  url          = {http://arxiv.org/abs/1703.01780},
  eprinttype    = {arXiv},
  eprint       = {1703.01780},
  timestamp    = {Mon, 13 Aug 2018 16:49:09 +0200},
  biburl       = {https://dblp.org/rec/journals/corr/TarvainenV17.bib},
  bibsource    = {dblp computer science bibliography, https://dblp.org}
}